<?xml version="1.0" encoding="UTF-8"?><collection xmlns="http://www.loc.gov/MARC21/slim"><record><leader>00364nam--2200133-i-4500</leader><controlfield tag="001">000024254</controlfield><controlfield tag="002">20161230</controlfield><controlfield tag="005">20161230201035</controlfield><controlfield tag="008">060222s1000------------r-----000-0-eng-d</controlfield><datafield ind1=" " ind2=" " tag="080"><subfield code="a">621.396.67</subfield></datafield><datafield ind1=" " ind2=" " tag="100"><subfield code="a">Ionescu, Radu, Zaharia, Dragos Si Nicolau, Edmond</subfield></datafield><datafield ind1=" " ind2=" " tag="245"><subfield code="a">Antene active si adaptative</subfield></datafield><datafield ind1=" " ind2=" " tag="260"><subfield code="a">Bucuresti,Editura Academiei, 1983. 250p</subfield></datafield><datafield ind1=" " ind2=" " tag="852"><subfield code="a">71279</subfield></datafield></record></collection>